@book{brics,
    author = "Jesper Makholm Byskov",
    title = "Enumerating maximal independent sets with applications to graph colouring",
    year = 2004,
    language = "english"
}

@book{fast,
    author = "Richard Beigel, David Eppstein",
    title = "3-Coloring in Time $O(1.3289^n)$",
    year = 2000,
    language = "english"
}